[gd_scene load_steps=9 format=2]

[ext_resource path="res://Assets/Scenes/Level/level1.gd" type="Script" id=1]
[ext_resource path="res://Assets/Textures/test.png" type="Texture" id=2]
[ext_resource path="res://Assets/Scenes/Game/AIPlayer.tscn" type="PackedScene" id=3]
[ext_resource path="res://Assets/Scenes/Game/Player.tscn" type="PackedScene" id=4]

[sub_resource type="Shader" id=1]
code = "shader_type canvas_item;


varying vec2 texCoord;

uniform sampler2D tex;

uniform vec2 screen;

uniform vec2 cameraPos;


uniform vec2 lightPos1;
uniform vec4 lightCol1 : hint_color;


uniform vec2 lightPos2;
uniform vec4 lightCol2 : hint_color;

/*
uniform vec2 lightPos3;
uniform vec2 lightPos4;
uniform vec2 lightPos5;
*/

vec4 toLinear (vec4 color){
    return pow(color,vec4(2.2));
}

vec4 toGamma (vec4 color){
    return pow(color,vec4(1.0/2.2));
}


vec3 reinhardRoboTonemap(vec3 c,float a){
    return c/pow(1.+pow(c,vec3(a) ),vec3(1./a) );
}
vec3 roboTonemap(vec3 c){
    return c/sqrt(c*c+1.);
}

vec3 jodieRoboTonemap(vec3 c){
    float l = dot(c, vec3(0.2126, 0.7152, 0.0722));
    vec3 tc=c/sqrt(c*c+1.);
    return mix(c/sqrt(l*l+1.),tc,tc);
}


vec4 dithering( vec2 vScreenPos ){
    vec3 vDither = vec3( dot( vec2( 171.0, 231.0 ), vScreenPos.xy ) );
    vDither.rgb = fract( vDither.rgb / vec3( 103.0, 71.0, 97.0 ) );
    return vec4(vDither.rgb / 255.0,1.0);
}


vec4 calculateLight(vec2 foo,vec2 lightPos,vec4 color,float intensity){

    intensity = min(100.0, intensity);
    float dist = distance(foo,lightPos.xy)/intensity;
    float lightness = 1.0/(dist); //inverse quare law
    return color*color*lightness;
    //float dist = distance(foo,lightPos.xy);
    //return color * max(0.0, min(1.0, (0.2 * intensity * intensity) / sqrt(dist)));

}

vec2 lengthDir(float dist,float dir){

    return vec2(cos(dir)*dist,sin(dir)*dist);

}


void fragment() {
    /*
    vec2 movingLight=iResolution.xy*vec2(0.5,0.5)+lengthDir(80.0,iGlobalTime/2.0);
    vec4 color =
        calculateLight(fragCoord.xy,iMouse.xy,vec4(1.0,0.5,0.1,1.0),30.0)+
        calculateLight(fragCoord.xy,iResolution.xy*vec2(0.5,0.5),vec4(0.1,0.5,1.0,1.0),50.0)+
        calculateLight(fragCoord.xy,movingLight,vec4(1.0,0.1,0.05,1.0),10.0);
    */

    vec2 lP1Fix = (lightPos1);
    
    vec2 lP2Fix = vec2(0.5, 0.5);
	
	/*
    vec2 lP3Fix = (lightPos3) / screen.xy;
    vec2 lP4Fix = (lightPos4) / screen.xy;
    vec2 lP5Fix = (lightPos5) / screen.xy;
	
    vec4 color = calculateLight(gl_FragCoord.xy, screen.xy * lP1Fix, vec4(0.1,0.5,1.0,1.0), 150.0)
             + calculateLight(gl_FragCoord.xy, screen.xy * lP2Fix, vec4(0.9,0.3,0.2,1.0), 70.0)
             + calculateLight(gl_FragCoord.xy, screen.xy * lP3Fix, vec4(0.0,1.0,0.6, 1.0), 40.0)
             + calculateLight(gl_FragCoord.xy, screen.xy * lP4Fix, vec4(0.6,0.2,0.9,1.0), 80.0)
             + calculateLight(gl_FragCoord.xy, screen.xy * lP5Fix, vec4(0.8,0.1,0.1,1.0), 90.0);
    */
	
	    vec4 colorF = calculateLight(FRAGCOORD.xy, screen.xy * lP1Fix, vec4(0.1,0.5,1.0,1.0), 150.0)
             + calculateLight(FRAGCOORD.xy, screen.xy * lP2Fix, vec4(0.9,0.3,0.2,1.0), 70.0);

    //vec4 colorF = calculateLight(FRAGCOORD.xy, screen.xy * lP1Fix * lP2, lightCol1, 150.0);

    //handle overexposed colors (just to make things pretty)
    //colorF.rgb=jodieRoboTonemap(colorF.rgb);
    colorF.rgb=roboTonemap(colorF.rgb);

    //color=toGamma(color);//convert linear colors to srgb
    colorF += dithering(FRAGCOORD.xy); //prevent banding (just to make things pretty)

    COLOR = colorF;

 }

"

[sub_resource type="ShaderMaterial" id=2]
shader = SubResource( 1 )
shader_param/screen = null
shader_param/cameraPos = null
shader_param/lightPos1 = null
shader_param/lightCol1 = Color( 1, 0.164062, 0.164062, 1 )
shader_param/lightPos2 = null
shader_param/lightCol2 = null

[sub_resource type="Shader" id=3]
code = "shader_type canvas_item;


uniform sampler2D tex;


uniform vec2 lightPos1;
uniform vec4 lightCol1 : hint_color;

uniform vec2 lightPos2;
uniform vec4 lightCol2 : hint_color;

uniform vec2 lightPos3;
uniform vec4 lightCol3 : hint_color;

uniform vec2 lightPos4;
uniform vec4 lightCol4 : hint_color;

/*
uniform vec2 lightPos2;
uniform vec2 lightPos3;
uniform vec2 lightPos4;
uniform vec2 lightPos5;
*/

vec4 toLinear (vec4 color){
    return pow(color,vec4(2.2));
}

vec4 toGamma (vec4 color){
    return pow(color,vec4(1.0/2.2));
}


vec3 reinhardRoboTonemap(vec3 c,float a){
    return c/pow(1.+pow(c,vec3(a) ),vec3(1./a) );
}
vec3 roboTonemap(vec3 c){
    return c/sqrt(c*c+1.);
}

vec3 jodieRoboTonemap(vec3 c){
    float l = dot(c, vec3(0.2126, 0.7152, 0.0722));
    vec3 tc=c/sqrt(c*c+1.);
    return mix(c/sqrt(l*l+1.),tc,tc);
}


vec4 dithering( vec2 vScreenPos ){
    vec3 vDither = vec3( dot( vec2( 171.0, 231.0 ), vScreenPos.xy ) );
    vDither.rgb = fract( vDither.rgb / vec3( 103.0, 71.0, 97.0 ) );
    return vec4(vDither.rgb / 255.0,1.0);
}


vec4 calculateLight(vec2 foo,vec2 lightPos,vec4 color,float intensity){

    intensity = min(100.0, intensity);
    float dist = distance(foo,lightPos.xy)/intensity;
    float lightness = 1.0/(dist*4.0); //inverse quare law
    return color*color*lightness;
    //float dist = distance(foo,lightPos.xy);
    //return color * max(0.0, min(1.0, (0.2 * intensity * intensity) / sqrt(dist)));

}

vec2 lengthDir(float dist,float dir){

    return vec2(cos(dir)*dist,sin(dir)*dist);

}

void fragment() {
	
	vec2 SCREEN_R = UV;
	float it = 20.0;
	
	vec2 FRAGCOORD_R = FRAGCOORD.xy;
	FRAGCOORD_R.y = (1.0 - FRAGCOORD_R.y) + 300.0;
	FRAGCOORD_R.x -= 510.0;

    vec2 lP1Fix = (lightPos1) / SCREEN_R;
	vec2 lP2Fix = (lightPos2) / SCREEN_R;
	vec2 lP3Fix = (lightPos3) / SCREEN_R;
	vec2 lP4Fix = (lightPos4) / SCREEN_R;

    /*
    vec2 lP2Fix = (lightPos2) / screen.xy;
    vec2 lP3Fix = (lightPos3) / screen.xy;
    vec2 lP4Fix = (lightPos4) / screen.xy;
    vec2 lP5Fix = (lightPos5) / screen.xy;
    vec4 color = calculateLight(gl_FragCoord.xy, screen.xy * lP1Fix, vec4(0.1,0.5,1.0,1.0), 150.0)
             + calculateLight(gl_FragCoord.xy, screen.xy * lP2Fix, vec4(0.9,0.3,0.2,1.0), 70.0)
             + calculateLight(gl_FragCoord.xy, screen.xy * lP3Fix, vec4(0.0,1.0,0.6, 1.0), 40.0)
             + calculateLight(gl_FragCoord.xy, screen.xy * lP4Fix, vec4(0.6,0.2,0.9,1.0), 80.0)
             + calculateLight(gl_FragCoord.xy, screen.xy * lP5Fix, vec4(0.8,0.1,0.1,1.0), 90.0);
    */

    //vec4 colorF = calculateLight(FRAGCOORD.xy, screen.xy * lP1Fix, lightCol1, 150.0);
	/*
	vec4 colorF = calculateLight(FRAGCOORD.xy, screen.xy * lP1Fix, lightCol1, 10.0)
             + calculateLight(FRAGCOORD.xy, screen.xy * lP2Fix, lightCol2, 10.0);
	*/
	/*
	vec4 colorF = calculateLight(FRAGCOORD.xy, SCREEN_UV.xy * lP1Fix, vec4(0.1,0.5,1.0,1.0), 10.0)
             + calculateLight(FRAGCOORD.xy, SCREEN_UV.xy * lP2Fix, vec4(0.9,0.3,0.2,1.0), 5.0);
	*/
	
	vec4 colorF = calculateLight(FRAGCOORD_R.xy, SCREEN_R.xy * lP1Fix, lightCol1, it)
             + calculateLight(FRAGCOORD_R.xy, SCREEN_R.xy * lP2Fix, lightCol2, it)
			 + calculateLight(FRAGCOORD_R.xy, SCREEN_R.xy * lP3Fix, lightCol3, it)
			 + calculateLight(FRAGCOORD_R.xy, SCREEN_R.xy * lP4Fix, lightCol4, it);
	
    //handle overexposed colors (just to make things pretty)
    colorF.rgb=jodieRoboTonemap(colorF.rgb);
    colorF.rgb=roboTonemap(colorF.rgb);

    colorF=toGamma(colorF);//convert linear colors to srgb
    colorF += dithering(FRAGCOORD_R); //prevent banding (just to make things pretty)

    COLOR = colorF;

 }

"

[sub_resource type="ShaderMaterial" id=4]
shader = SubResource( 3 )
shader_param/lightPos1 = null
shader_param/lightCol1 = Color( 0.972549, 0.898039, 0.670588, 1 )
shader_param/lightPos2 = null
shader_param/lightCol2 = null
shader_param/lightPos3 = null
shader_param/lightCol3 = null
shader_param/lightPos4 = null
shader_param/lightCol4 = null

[node name="Level1" type="Node2D"]
material = SubResource( 2 )
script = ExtResource( 1 )
color1 = Color( 0.992157, 0.372549, 0.25098, 1 )
color2 = Color( 0.443137, 0.976471, 0.227451, 1 )
color3 = Color( 0.741176, 0.027451, 1, 1 )
color4 = Color( 0.917647, 0.941176, 0.188235, 1 )

[node name="Player" parent="." instance=ExtResource( 4 )]
position = Vector2( -270.445, -190.805 )

[node name="AIPlayer" parent="." instance=ExtResource( 3 )]
position = Vector2( 343.582, 160.388 )

[node name="AIPlayer2" parent="." instance=ExtResource( 3 )]
position = Vector2( 164.714, -90.5613 )

[node name="AIPlayer3" parent="." instance=ExtResource( 3 )]
position = Vector2( -371.892, 85.6375 )

[node name="Camera2D" type="Camera2D" parent="."]
current = true

[node name="draw" type="Sprite" parent="."]
material = SubResource( 4 )
scale = Vector2( 1.2, 1.2 )
texture = ExtResource( 2 )
